<record><leader>03139cam a2200409 i 4500</leader><controlfield tag="001">6766222</controlfield><controlfield tag="003">OCoLC</controlfield><controlfield tag="005">20141216093103.0</controlfield><controlfield tag="008">140410t20152015nyuab    b    001 0 eng  </controlfield><datafield ind1=" " ind2=" " tag="010"><subfield code="a">  2014012435</subfield></datafield><datafield ind1=" " ind2=" " tag="015"><subfield code="a">GBB461407</subfield><subfield code="2">bnb</subfield></datafield><datafield ind1="7" ind2=" " tag="016"><subfield code="a">016741896</subfield><subfield code="2">Uk</subfield></datafield><datafield ind1=" " ind2=" " tag="020"><subfield code="a">9780199338467 (alk. paper)</subfield></datafield><datafield ind1=" " ind2=" " tag="020"><subfield code="a">0199338469 (alk. paper)</subfield></datafield><datafield ind1=" " ind2=" " tag="035"><subfield code="a">ocn876466620</subfield></datafield><datafield ind1=" " ind2=" " tag="040"><subfield code="a">DLC</subfield><subfield code="e">rda</subfield><subfield code="b">eng</subfield><subfield code="c">DLC</subfield><subfield code="d">YDX</subfield><subfield code="d">BDX</subfield><subfield code="d">BTCTA</subfield><subfield code="d">YDXCP</subfield><subfield code="d">OCLCO</subfield><subfield code="d">OCLCF</subfield><subfield code="d">UKMGB</subfield><subfield code="d">PUL</subfield><subfield code="d">UAB</subfield></datafield><datafield ind1=" " ind2=" " tag="042"><subfield code="a">pcc</subfield></datafield><datafield ind1="0" ind2="0" tag="050"><subfield code="a">JZ1318</subfield><subfield code="b">.G55894 2015</subfield></datafield><datafield ind1="0" ind2="0" tag="082"><subfield code="a">303.48/2</subfield><subfield code="2">23</subfield></datafield><datafield ind1=" " ind2=" " tag="090"><subfield code="a">JZ 1318 G55894 2015</subfield><subfield code="b">AEU</subfield></datafield><datafield ind1=" " ind2=" " tag="090"><subfield code="a">JZ1318 .G562 2015</subfield><subfield code="b">AEGMCT</subfield></datafield><datafield ind1="0" ind2="4" tag="245"><subfield code="a">The global studies reader /</subfield><subfield code="c">introduced and edited by Manfred B. Steger (University of Hawai'i-M&#257;noa).</subfield></datafield><datafield ind1=" " ind2=" " tag="250"><subfield code="a">Second edition.</subfield></datafield><datafield ind1=" " ind2="1" tag="264"><subfield code="a">New York, NY :</subfield><subfield code="b">Oxford University Press,</subfield><subfield code="c">[2015]</subfield></datafield><datafield ind1=" " ind2="4" tag="264"><subfield code="c">&#169;2015</subfield></datafield><datafield ind1=" " ind2=" " tag="300"><subfield code="a">x, 372 pages :</subfield><subfield code="b">illustration, map ;</subfield><subfield code="c">24 cm</subfield></datafield><datafield ind1=" " ind2=" " tag="336"><subfield code="a">text</subfield><subfield code="b">txt</subfield><subfield code="2">rdacontent</subfield></datafield><datafield ind1=" " ind2=" " tag="337"><subfield code="a">unmediated</subfield><subfield code="b">n</subfield><subfield code="2">rdamedia</subfield></datafield><datafield ind1=" " ind2=" " tag="338"><subfield code="a">volume</subfield><subfield code="b">nc</subfield><subfield code="2">rdacarrier</subfield></datafield><datafield ind1=" " ind2=" " tag="504"><subfield code="a">Includes bibliographical references (pages 316-326) and index.</subfield></datafield><datafield ind1="0" ind2=" " tag="505"><subfield code="a">Introduction : what is global studies? -- Five meanings of global civil society / Mary Kaldor -- Framing global governance, five gaps / Ramesh Thakur and Thomas G. Weiss -- Political ideologies in the age of globalization / Manfred B. Steger -- Globalization and the emergence of world social forums / Jackie Smith, Marina Karides, Marc Becker, Dorval Brunelle, Christopher Chase-Dunn, Donatella della Porta, Rosalba Icaza Garza, Jeffrey S. Juris, Lorenzo Mosca, Ellen Reese, Peter (Jay) Smith, and Rolando Vasquez -- Global media, mobilization, and revolution : the Arab Spring / Hans Schattle -- How small entrepreneurs clothe East Africa with old American t-shirts / Pietra Rivoli -- The specter that haunts the global economy : the challenge of global feminism / Valentine Moghadam -- Designing capitalism 3.0 / Dani Rodrik -- The global network society / Manuel Castells -- The Googlization of us : universal surveillance and infrastructural imperialism / Siva Vaidhyanathan -- Globalization : long term process or new era in human affairs? / William H. McNeill -- Slaves, germs, and Trojan horses / Nayan Chanda -- Culture : the glocal game, cosmopolitanism and Americanization / Richard Giulanotti and Roland Robertson -- The American global cultural brand / Lane Crothers -- The religion market / Olivier Roy -- The urban climacteric / Mike Davis -- The improbable life of an urban patch : deciphering the hidden logic of global urban growth / Jeb Brugmann -- Mobile global citizens / Luis Cabrera -- An overheated planet / Peter Christoff and Robyn Eckersley -- The one-degree war / Paul Gilding.</subfield></datafield><datafield ind1=" " ind2=" " tag="596"><subfield code="a">29 43</subfield></datafield><datafield ind1=" " ind2="0" tag="650"><subfield code="a">Globalization.</subfield></datafield><datafield ind1="1" ind2=" " tag="700"><subfield code="a">Steger, Manfred B.,</subfield><subfield code="d">1961-</subfield><subfield code="e">editor.</subfield></datafield><datafield ind1=" " ind2=" " tag="949"><subfield code="a">JZ 1318 G55894 2015</subfield><subfield code="c">1</subfield><subfield code="h">UAHS-B</subfield><subfield code="i">0162035215266</subfield></datafield><datafield ind1=" " ind2=" " tag="926"><subfield code="a">JZ 1318 G55894 2015</subfield><subfield code="w">LC</subfield><subfield code="c">1</subfield><subfield code="i">0162035215266</subfield><subfield code="d">4/25/2016</subfield><subfield code="e">1/21/2016</subfield><subfield code="l">ON_SHELF</subfield><subfield code="m">UAHSS</subfield><subfield code="n">5</subfield><subfield code="p">$150.00</subfield><subfield code="r">Y</subfield><subfield code="s">Y</subfield><subfield code="t">BOOK</subfield><subfield code="u">1/6/2015</subfield></datafield><datafield ind1=" " ind2=" " tag="926"><subfield code="a">JZ1318 .G562 2015</subfield><subfield code="w">LC</subfield><subfield code="c">1</subfield><subfield code="i">1007433863</subfield><subfield code="d">1/23/2015</subfield><subfield code="l">ON_SHELF</subfield><subfield code="m">GR_MACEWAN</subfield><subfield code="p">$38.68</subfield><subfield code="r">Y</subfield><subfield code="s">Y</subfield><subfield code="t">BOOK</subfield><subfield code="u">1/16/2015</subfield></datafield></record>